@article{Reference1,
	Author = {C. J. Hawthorn and K. P. Weber and R. E. Scholten},
	Journal = {Review of Scientific Instruments},
	Month = {12},
	Number = {12},
	Numpages = {3},
	Pages = {4477--4479},
	Title = {Littrow Configuration Tunable External Cavity Diode Laser with Fixed Direction Output Beam},
	Volume = {72},
	Url = {http://0-ieeexplore.ieee.org.millenium.itesm.mx/stamp/stamp.jsp?arnumber=7152802},
	Year = {2001}}